{
  "leader": "04204cam a2200601 i 4500",
  "fields": [
    {
      "001": "ocm38354927\\"
    },
    {
      "003": "OCoLC"
    },
    {
      "005": "20220701101924.0"
    },
    {
      "008": "980128t19981998nyuaf\\\\\\\\b\\\\\\\\001\\0beng\\\\"
    },
    {
      "010": {
        "ind1": "\\",
        "ind2": "\\",
        "subfields": [
          {
            "a": "   98009735 "
          }
        ]
      }
    },
    {
      "040": {
        "ind1": "\\",
        "ind2": "\\",
        "subfields": [
          {
            "a": "DLC"
          },
          {
            "b": "eng"
          },
          {
            "e": "rda"
          },
          {
            "c": "DLC"
          },
          {
            "d": "YBM"
          },
          {
            "d": "TUK"
          },
          {
            "d": "BTCTA"
          },
          {
            "d": "LVB"
          },
          {
            "d": "YDXCP"
          },
          {
            "d": "OCLCG"
          },
          {
            "d": "FMO"
          },
          {
            "d": "IGP"
          },
          {
            "d": "GEBAY"
          },
          {
            "d": "AZFX8"
          },
          {
            "d": "OCLCA"
          },
          {
            "d": "OCLCF"
          },
          {
            "d": "OCLCQ"
          },
          {
            "d": "OCLCO"
          },
          {
            "d": "OCLCQ"
          },
          {
            "d": "NML"
          },
          {
            "d": "VZD"
          },
          {
            "d": "OCLCQ"
          },
          {
            "d": "OCLCO"
          },
          {
            "d": "VGM"
          },
          {
            "d": "HRY"
          },
          {
            "d": "ALAMR"
          },
          {
            "d": "RB0"
          },
          {
            "d": "OCL"
          },
          {
            "d": "OCLCO"
          },
          {
            "d": "ZVR"
          },
          {
            "d": "MYL"
          },
          {
            "d": "CSJ"
          },
          {
            "d": "CSA"
          },
          {
            "d": "TYC"
          },
          {
            "d": "XFF"
          },
          {
            "d": "OKX"
          },
          {
            "d": "MNS"
          },
          {
            "d": "KJ6"
          },
          {
            "d": "VBO"
          },
          {
            "d": "IOG"
          },
          {
            "d": "IPL"
          },
          {
            "d": "P@N"
          },
          {
            "d": "GILDS"
          },
          {
            "d": "XBE"
          },
          {
            "d": "ISN"
          },
          {
            "d": "VMW"
          },
          {
            "d": "OCLCQ"
          },
          {
            "d": "OCLCO"
          },
          {
            "d": "TFW"
          },
          {
            "d": "IOK"
          },
          {
            "d": "VTU"
          },
          {
            "d": "NIU"
          },
          {
            "d": "DT5"
          },
          {
            "d": "OCLCQ"
          },
          {
            "d": "OCLCO"
          },
          {
            "d": "C5U"
          },
          {
            "d": "DVR"
          },
          {
            "d": "CNO"
          },
          {
            "d": "TXSCH"
          },
          {
            "d": "MIH"
          },
          {
            "d": "OCLCQ"
          },
          {
            "d": "ILM"
          },
          {
            "d": "COF"
          },
          {
            "d": "MSL"
          },
          {
            "d": "XOJ"
          },
          {
            "d": "OCLCO"
          },
          {
            "d": "RCC"
          },
          {
            "d": "WLM"
          },
          {
            "d": "GZM"
          },
          {
            "d": "SEO"
          },
          {
            "d": "OCLCQ"
          },
          {
            "d": "MCO"
          },
          {
            "d": "OCLCO"
          },
          {
            "d": "OCLCQ"
          },
          {
            "d": "VTS"
          },
          {
            "d": "FSP"
          },
          {
            "d": "BRL"
          },
          {
            "d": "OCLCQ"
          },
          {
            "d": "OCLCO"
          },
          {
            "d": "ACO"
          },
          {
            "d": "MST"
          },
          {
            "d": "MCV"
          },
          {
            "d": "OCLCQ"
          },
          {
            "d": "OCLCO"
          },
          {
            "d": "WOR"
          },
          {
            "d": "RVA"
          },
          {
            "d": "UOK"
          },
          {
            "d": "MLM"
          },
          {
            "d": "EYB"
          },
          {
            "d": "CEF"
          },
          {
            "d": "YT6"
          },
          {
            "d": "TKN"
          },
          {
            "d": "RCL"
          },
          {
            "d": "XQH"
          },
          {
            "d": "GOU"
          },
          {
            "d": "FML"
          },
          {
            "d": "SPP"
          },
          {
            "d": "CSO"
          },
          {
            "d": "OCLCQ"
          },
          {
            "d": "OCLCO"
          },
          {
            "d": "CPO"
          },
          {
            "d": "NAM"
          },
          {
            "d": "CPS"
          },
          {
            "d": "YCP"
          },
          {
            "d": "SNN"
          },
          {
            "d": "TWJ"
          },
          {
            "d": "PAU"
          },
          {
            "d": "S#L"
          },
          {
            "d": "PEX"
          },
          {
            "d": "NJR"
          },
          {
            "d": "INT"
          },
          {
            "d": "NTG"
          },
          {
            "d": "ALV"
          },
          {
            "d": "ZAS"
          },
          {
            "d": "CRU"
          },
          {
            "d": "ZJA"
          },
          {
            "d": "MHH"
          },
          {
            "d": "JDP"
          },
          {
            "d": "AL5CM"
          },
          {
            "d": "VAN"
          },
          {
            "d": "URS"
          },
          {
            "d": "OCLCQ"
          },
          {
            "d": "CUI"
          },
          {
            "d": "WYG"
          },
          {
            "d": "OCLCQ"
          },
          {
            "d": "WYA"
          },
          {
            "d": "WYU"
          },
          {
            "d": "N#V"
          },
          {
            "d": "EUQ"
          },
          {
            "d": "TCJ"
          },
          {
            "d": "LE@"
          },
          {
            "d": "HV6"
          },
          {
            "d": "DCHUA"
          },
          {
            "d": "CANPU"
          },
          {
            "d": "GDC"
          },
          {
            "d": "OCLCQ"
          },
          {
            "d": "UMK"
          },
          {
            "d": "OCLCQ"
          },
          {
            "d": "OCLCO"
          },
          {
            "d": "OCLCQ"
          },
          {
            "d": "OCLCA"
          },
          {
            "d": "UWW"
          },
          {
            "d": "CBA"
          },
          {
            "d": "OCLCO"
          },
          {
            "d": "BUB"
          },
          {
            "d": "OCLCQ"
          },
          {
            "d": "OCLCO"
          },
          {
            "d": "OCLCQ"
          },
          {
            "d": "OCLCO"
          },
          {
            "d": "OCL"
          },
          {
            "d": "OCLCA"
          },
          {
            "d": "OCLCQ"
          },
          {
            "d": "OCLCO"
          },
          {
            "d": "IL4J6"
          },
          {
            "d": "OCLCO"
          }
        ]
      }
    },
    {
      "019": {
        "ind1": "\\",
        "ind2": "\\",
        "subfields": [
          {
            "a": "44395175"
          },
          {
            "a": "762229432"
          },
          {
            "a": "1201967743"
          }
        ]
      }
    },
    {
      "020": {
        "ind1": "\\",
        "ind2": "\\",
        "subfields": [
          {
            "a": "0812920287"
          },
          {
            "q": "(acid-free paper)"
          }
        ]
      }
    },
    {
      "020": {
        "ind1": "\\",
        "ind2": "\\",
        "subfields": [
          {
            "a": "9780812920284"
          },
          {
            "q": "(acid-free paper)"
          }
        ]
      }
    },
    {
      "020": {
        "ind1": "\\",
        "ind2": "\\",
        "subfields": [
          {
            "a": "0812932994"
          },
          {
            "q": "(pbk.)"
          }
        ]
      }
    },
    {
      "020": {
        "ind1": "\\",
        "ind2": "\\",
        "subfields": [
          {
            "a": "9780812932997"
          },
          {
            "q": "(pbk.)"
          }
        ]
      }
    },
    {
      "035": {
        "ind1": "\\",
        "ind2": "\\",
        "subfields": [
          {
            "a": "(OCoLC)38354927"
          },
          {
            "z": "(OCoLC)44395175"
          },
          {
            "z": "(OCoLC)762229432"
          },
          {
            "z": "(OCoLC)1201967743"
          }
        ]
      }
    },
    {
      "043": {
        "ind1": "\\",
        "ind2": "\\",
        "subfields": [
          {
            "a": "n-us---"
          }
        ]
      }
    },
    {
      "050": {
        "ind1": "0",
        "ind2": "0",
        "subfields": [
          {
            "a": "KF8745.M34"
          },
          {
            "b": "W55 1998"
          }
        ]
      }
    },
    {
      "060": {
        "ind1": "\\",
        "ind2": "4",
        "subfields": [
          {
            "a": "B M3695w"
          }
        ]
      }
    },
    {
      "082": {
        "ind1": "0",
        "ind2": "0",
        "subfields": [
          {
            "a": "347.732634"
          },
          {
            "b": "WIL"
          }
        ]
      }
    },
    {
      "100": {
        "ind1": "1",
        "ind2": "\\",
        "subfields": [
          {
            "a": "Williams, Juan,"
          },
          {
            "e": "author."
          }
        ]
      }
    },
    {
      "245": {
        "ind1": "1",
        "ind2": "0",
        "subfields": [
          {
            "a": "Thurgood Marshall :"
          },
          {
            "b": "American revolutionary /"
          },
          {
            "c": "Juan Williams."
          }
        ]
      }
    },
    {
      "250": {
        "ind1": "\\",
        "ind2": "\\",
        "subfields": [
          {
            "a": "First edition."
          }
        ]
      }
    },
    {
      "264": {
        "ind1": "\\",
        "ind2": "1",
        "subfields": [
          {
            "a": "New York :"
          },
          {
            "b": "Times Books,"
          },
          {
            "c": "1998."
          }
        ]
      }
    },
    {
      "264": {
        "ind1": "\\",
        "ind2": "4",
        "subfields": [
          {
            "c": "\u00a91998"
          }
        ]
      }
    },
    {
      "300": {
        "ind1": "\\",
        "ind2": "\\",
        "subfields": [
          {
            "a": "xviii, 459 pages, 16 unnumbered pages of plates :"
          },
          {
            "b": "illustrations ;"
          },
          {
            "c": "25 cm"
          }
        ]
      }
    },
    {
      "336": {
        "ind1": "\\",
        "ind2": "\\",
        "subfields": [
          {
            "a": "text"
          },
          {
            "b": "txt"
          },
          {
            "2": "rdacontent"
          }
        ]
      }
    },
    {
      "337": {
        "ind1": "\\",
        "ind2": "\\",
        "subfields": [
          {
            "a": "unmediated"
          },
          {
            "b": "n"
          },
          {
            "2": "rdamedia"
          }
        ]
      }
    },
    {
      "338": {
        "ind1": "\\",
        "ind2": "\\",
        "subfields": [
          {
            "a": "volume"
          },
          {
            "b": "nc"
          },
          {
            "2": "rdacarrier"
          }
        ]
      }
    },
    {
      "504": {
        "ind1": "\\",
        "ind2": "\\",
        "subfields": [
          {
            "a": "Includes bibliographical references (pages 431-436) and index."
          }
        ]
      }
    },
    {
      "505": {
        "ind1": "0",
        "ind2": "\\",
        "subfields": [
          {
            "a": "Right time, right man? -- A fighting family -- Educating Thurgood -- Waking up -- Turkey -- His own man -- Getting started -- Leaving home -- 69 Fifth Avenue -- Marshall in charge -- Pan of bones -- The war years -- Lynch mob for a lawyer -- Jim Crow Buster -- Groveland -- Lessons in politics -- On the front line -- Direct attack -- Number one Negro of all time -- Planning a revolt -- Case of the century -- No radical -- Martin Luther King, Jr. -- Machiavellian Marshall -- The second Civil War -- Marshall and the militants -- Exit time -- Black robes -- Johnson's man -- Justice Marshall -- Backlash on the court -- Hangin' on -- Resurrection."
          }
        ]
      }
    },
    {
      "520": {
        "ind1": "\\",
        "ind2": "\\",
        "subfields": [
          {
            "a": "Presents a biography of the first African American appointed to the Supreme Court, from his crusade against segregation to his friendships with other famous Black figures."
          }
        ]
      }
    },
    {
      "610": {
        "ind1": "1",
        "ind2": "0",
        "subfields": [
          {
            "a": "United States."
          },
          {
            "b": "Supreme Court"
          },
          {
            "v": "Biography."
          }
        ]
      }
    },
    {
      "600": {
        "ind1": "1",
        "ind2": "0",
        "subfields": [
          {
            "a": "Marshall, Thurgood,"
          },
          {
            "d": "1908-1993."
          }
        ]
      }
    },
    {
      "650": {
        "ind1": "\\",
        "ind2": "0",
        "subfields": [
          {
            "a": "Judges"
          },
          {
            "z": "United States"
          },
          {
            "v": "Biography."
          }
        ]
      }
    },
    {
      "650": {
        "ind1": "\\",
        "ind2": "0",
        "subfields": [
          {
            "a": "Civil rights workers"
          },
          {
            "z": "United States"
          },
          {
            "v": "Biography."
          }
        ]
      }
    },
    {
      "610": {
        "ind1": "1",
        "ind2": "7",
        "subfields": [
          {
            "a": "United States."
          },
          {
            "b": "Supreme Court."
          },
          {
            "2": "fast"
          },
          {
            "0": "(OCoLC)fst00529481"
          }
        ]
      }
    },
    {
      "600": {
        "ind1": "1",
        "ind2": "7",
        "subfields": [
          {
            "a": "Marshall, Thurgood,"
          },
          {
            "d": "1908-1993."
          },
          {
            "2": "fast"
          },
          {
            "0": "(OCoLC)fst00013977"
          }
        ]
      }
    },
    {
      "651": {
        "ind1": "\\",
        "ind2": "7",
        "subfields": [
          {
            "a": "United States."
          },
          {
            "2": "fast"
          },
          {
            "0": "(OCoLC)fst01204155"
          }
        ]
      }
    },
    {
      "650": {
        "ind1": "\\",
        "ind2": "7",
        "subfields": [
          {
            "a": "Civil rights workers."
          },
          {
            "2": "fast"
          },
          {
            "0": "(OCoLC)fst00862721"
          }
        ]
      }
    },
    {
      "650": {
        "ind1": "\\",
        "ind2": "7",
        "subfields": [
          {
            "a": "Judges."
          },
          {
            "2": "fast"
          },
          {
            "0": "(OCoLC)fst00984490"
          }
        ]
      }
    },
    {
      "655": {
        "ind1": "\\",
        "ind2": "2",
        "subfields": [
          {
            "a": "Biography"
          }
        ]
      }
    },
    {
      "655": {
        "ind1": "\\",
        "ind2": "7",
        "subfields": [
          {
            "a": "Biographies."
          },
          {
            "2": "fast"
          },
          {
            "0": "(OCoLC)fst01919896"
          }
        ]
      }
    },
    {
      "655": {
        "ind1": "\\",
        "ind2": "7",
        "subfields": [
          {
            "a": "Biographies."
          },
          {
            "2": "lcgft"
          }
        ]
      }
    },
    {
      "776": {
        "ind1": "0",
        "ind2": "8",
        "subfields": [
          {
            "i": "Online version:"
          },
          {
            "a": "Williams, Juan."
          },
          {
            "t": "Thurgood Marshall."
          },
          {
            "b": "1st ed."
          },
          {
            "d": "New York : Times Books, \u00a91998"
          },
          {
            "w": "(OCoLC)606995200"
          }
        ]
      }
    },
    {
      "856": {
        "ind1": "4",
        "ind2": "1",
        "subfields": [
          {
            "3": "Sample text"
          },
          {
            "u": "http://catdir.loc.gov/catdir/samples/random044/98009735.html"
          }
        ]
      }
    },
    {
      "856": {
        "ind1": "4",
        "ind2": "2",
        "subfields": [
          {
            "3": "Booknotes episode and transcript"
          },
          {
            "u": "http://www.booknotes.org/Watch/111331-1/Juan+Williams.aspx"
          },
          {
            "z": "Program air date: October 11, 1998"
          }
        ]
      }
    },
    {
      "856": {
        "ind1": "4",
        "ind2": "2",
        "subfields": [
          {
            "3": "Contributor biographical information"
          },
          {
            "u": "http://catdir.loc.gov/catdir/bios/random058/98009735.html"
          }
        ]
      }
    },
    {
      "856": {
        "ind1": "4",
        "ind2": "2",
        "subfields": [
          {
            "3": "Publisher description"
          },
          {
            "u": "http://catdir.loc.gov/catdir/description/random0410/98009735.html"
          }
        ]
      }
    },
    {
      "994": {
        "ind1": "\\",
        "ind2": "\\",
        "subfields": [
          {
            "a": "Z0"
          },
          {
            "b": "NYRVC"
          }
        ]
      }
    },
    {
      "948": {
        "ind1": "\\",
        "ind2": "\\",
        "subfields": [
          {
            "h": "NO HOLDINGS IN NYRVC - 1938 OTHER HOLDINGS"
          }
        ]
      }
    },
    {
      "999": {
        "ind1": "\\",
        "ind2": "\\",
        "subfields": [
          {
            "a": "00000000039631"
          }
        ]
      }
    }
  ]
}